@article{chen2020tracking,
    title={Tracking social media discourse about the covid-19 pandemic: Development of a public coronavirus twitter data set},
    author={Chen, Emily and Lerman, Kristina and Ferrara, Emilio},
    journal={JMIR Public Health and Surveillance},
    volume={6},
    number={2},
    pages={e19273},
    year={2020},
    publisher={JMIR Publications Inc., Toronto, Canada}
}
@online{ncrwebsite,
    title="NRC Emotion Lexicon",
    url="https://saifmohammad.com/WebPages/NRC-Emotion-Lexicon.htm",
    addendum="(accessed: 2021/06/03)"
}
@inproceedings{wang2019demographic,
    title={Demographic inference and representative population estimates from multilingual social media data},
    author={Wang, Zijian and Hale, Scott and Adelani, David Ifeoluwa and Grabowicz, Przemyslaw and Hartman, Timo and Fl{\"o}ck, Fabian and Jurgens, David},
    booktitle={The World Wide Web Conference},
    pages={2056--2067},
    year={2019},
    organization={ACM}
}
@misc{aiello2020epidemic,
    title={How Epidemic Psychology Works on Social Media: Evolution of responses to the COVID-19 pandemic}, 
    author={Luca Maria Aiello and Daniele Quercia and Ke Zhou and Marios Constantinides and Sanja Šćepanović and Sagar Joglekar},
    year={2020},
    eprint={2007.13169},
    archivePrefix={arXiv},
    primaryClass={cs.CY}
}
@misc{OpenStreetMap,
   author = {{OpenStreetMap contributors}},
   title = {{Planet dump retrieved from https://planet.osm.org }},
   howpublished = "\url{ https://www.openstreetmap.org }",
   year = {2017},
 }