% book
% Required fields: author or editor, title, publisher, year. 
% Optional fields: volume or number, series, address, edition, month, note.

% article
% Required fields: author, title, journal, year. 
% Optional fields: volume, number, pages, month, note.

% conference
% same as inproceedings
% Required fields: author, title, booktitle, year. 
% Optional fields: editor, volume or number, series, pages, address, month, organization, publisher, note

% website
% as misc
% Required fields: none. 
% Optional fields: author, title, howpublished, month, year, note.

@article{chen2020tracking,
    title={Tracking social media discourse about the covid-19 pandemic: Development of a public coronavirus twitter data set},
    author={Chen, Emily and Lerman, Kristina and Ferrara, Emilio},
    journal={JMIR Public Health and Surveillance},
    volume={6},
    number={2},
    pages={e19273},
    year={2020},
    publisher={JMIR Publications Inc., Toronto, Canada}
}

@misc{enwiki:1027840990,
    author = "{Wikipedia contributors}",
    title = "Twitter --- {Wikipedia}{,} The Free Encyclopedia",
    year = "2021",
    howpublished = "\url{https://en.wikipedia.org/w/index.php?title=Twitter&oldid=1027840990}",
    note = "[Online; accessed 12-June-2021]"
}

@misc{enwiki:1024880646,
    author = "{Wikipedia contributors}",
    title = "Sentiment analysis --- {Wikipedia}{,} The Free Encyclopedia",
    year = "2021",
    howpublished = "\url{https://en.wikipedia.org/w/index.php?title=Sentiment_analysis&oldid=1024880646}",
    note = "[Online; accessed 12-June-2021]"
}

@misc{ncrwebsite,
    title="NRC Emotion Lexicon",
    author="Saif Mohammad",
     howpublished="\url{https://saifmohammad.com/WebPages/NRC-Emotion-Lexicon.htm}",
    note = "[Online; accessed 13-June-2021]"
}